% This file was created with Citavi 6.4.0.35

@proceedings{.2015,
 year = "2015",
 title = "{2015 IEEE International Conference on Computer Vision Workshop,  ICCV Workshops 2015, Santiago, Chile, December 7-13, 2015}",
 publisher = "{IEEE Computer Society}"
}


@proceedings{.2019,
 year = "2019",
 title = "{IEEE Conference on Computer Vision and Pattern Recognition, CVPR  2019, Long Beach, CA, USA, June 16-20, 2019}",
 publisher = "{Computer Vision Foundation / IEEE}"
}


@proceedings{.2019b,
 year = "2019",
 title = "{2019 IEEE/CVF International Conference on Computer Vision, ICCV  2019, Seoul, Korea (South), October 27 - November 2, 2019}",
 publisher = "IEEE"
}


@proceedings{.2020,
 year = "2020",
 title = "{The Thirty-Fourth AAAI Conference on Artificial Intelligence, AAAI  2020, The Thirty-Second Innovative Applications of Artificial Intelligence  Conference, IAAI 2020, The Tenth AAAI Symposium on Educational  Advances in Artificial Intelligence, EAAI 2020, New York, NY, USA,  February 7-12, 2020}",
 publisher = "{AAAI Press}"
}


@misc{.20200815T13:46:16.000Z,
 year = "15.08.2020",
 title = "{Synthesizing Obama: Learning Lip Sync from Audio - YouTube}",
 url = "https://www.youtube.com/watch?v=9Yq67CjDqvw",
 urldate = "2020-08-15"
}


@inproceedings{Bregler.1997,
 author = "Bregler, Christoph and Covell, Michele and Slaney, Malcolm",
 title = "{Video Rewrite: driving visual speech with audio}",
 pages = "353--360",
 bookpagination = "page",
 publisher = "ACM",
 editor = "Owen, G. Scott and Whitted, Turner and Mones-Hattal, Barbara",
 booktitle = "{Proceedings of the 24th Annual Conference on Computer Graphics and  Interactive Techniques, SIGGRAPH 1997, Los Angeles, CA, USA, August  3-8, 1997}",
 year = "1997"
}


@article{Cao.2014,
 author = "Cao, Chen and Weng, Yanlin and Zhou, Shun and Tong, Yiying and Zhou, Kun",
 year = "2014",
 title = "{FaceWarehouse: A 3D Facial Expression Database for Visual Computing}",
 pages = "413--425",
 pagination = "page",
 volume = "20",
 number = "3",
 journal = "{IEEE Trans. Vis. Comput. Graph.}"
}


@article{Chen.2015,
 author = "Chen, Bor-Chun and Chen, Chu-Song and Hsu, Winston H.",
 year = "2015",
 title = "{Face Recognition and Retrieval Using Cross-Age Reference Coding With  Cross-Age Celebrity Dataset}",
 pages = "804--815",
 pagination = "page",
 volume = "17",
 number = "6",
 journal = "{IEEE Trans. Multimedia}"
}


@misc{Cole.2017,
 abstract = "Someone used an algorithm to paste the face of 'Wonder Woman' star Gal Gadot onto a porn video, and the implications are terrifying.",
 author = "Cole, Samantha",
 editor = "vice.com",
 year = "2017",
 title = "{Vice-Motherboard: AI-Assisted Fake Porn Is Here and We’re All Fucked}",
 url = "https://www.vice.com/en_us/article/gydydm/gal-gadot-fake-ai-porn",
 urldate = "2020-08-12"
}


@article{Ekman.1978,
 author = "Ekman, Paul and Friesen, Wallace",
 year = "1978",
 title = "{Facial action coding system}"
}


@misc{Fichera.2019,
 abstract = "A doctored video of an interview with House Speaker Nancy Pelosi portrays her speech as being slowed and slurred, and has been used to advance a false claim that she was {\textquotedbl}drunk.{\textquotedbl}",
 author = "Fichera, Angelo",
 year = "2019",
 title = "{Manipulated Video Targeting Pelosi Goes Viral}",
 url = "https://www.factcheck.org/2019/05/manipulated-video-targeting-pelosi-goes-viral/",
 urldate = "2020-08-17"
}


@proceedings{Ghahramani.2014,
 year = "2014",
 title = "{Advances in Neural Information Processing Systems 27: Annual Conference  on Neural Information Processing Systems 2014, December 8-13 2014,  Montreal, Quebec, Canada}",
 editor = "Ghahramani, Zoubin and Welling, Max and Cortes, Corinna and Lawrence, Neil D. and Weinberger, Kilian Q."
}


@inproceedings{Goodfellow.2014,
 author = "Goodfellow, Ian J. and Pouget-Abadie, Jean and Mirza, Mehdi and Xu, Bing and Warde-Farley, David and Ozair, Sherjil and Courville, Aaron C. and Bengio, Yoshua",
 title = "{Generative Adversarial Nets}",
 pages = "2672--2680",
 bookpagination = "page",
 editor = "Ghahramani, Zoubin and Welling, Max and Cortes, Corinna and Lawrence, Neil D. and Weinberger, Kilian Q.",
 booktitle = "{Advances in Neural Information Processing Systems 27: Annual Conference  on Neural Information Processing Systems 2014, December 8-13 2014,  Montreal, Quebec, Canada}",
 year = "2014",
 file = "http://papers.nips.cc/paper/5423-generative-adversarial-nets"
}


@book{Goodfellow.2016,
 author = "Goodfellow, Ian and Bengio, Yoshua and Courville, Aaron",
 year = "2016",
 title = "{Deep Learning}",
 publisher = "{MIT Press}"
}


@inproceedings{Ha.2020,
 author = "Ha, Sungjoo and Kersner, Martin and Kim, Beomsu and Seo, Seokjun and Kim, Dongyoung",
 title = "{MarioNETte: Few-Shot Face Reenactment Preserving Identity of Unseen  Targets}",
 pages = "10893--10900",
 bookpagination = "page",
 publisher = "{AAAI Press}",
 booktitle = "{The Thirty-Fourth AAAI Conference on Artificial Intelligence, AAAI  2020, The Thirty-Second Innovative Applications of Artificial Intelligence  Conference, IAAI 2020, The Tenth AAAI Symposium on Educational  Advances in Artificial Intelligence, EAAI 2020, New York, NY, USA,  February 7-12, 2020}",
 year = "2020"
}


@article{Howard.2017,
 author = "Howard, Andrew G. and Zhu, Menglong and Chen, Bo and Kalenichenko, Dmitry and Wang, Weijun and Weyand, Tobias and Andreetto, Marco and Adam, Hartwig",
 year = "2017",
 title = "{MobileNets: Efficient Convolutional Neural Networks for Mobile Vision  Applications}",
 volume = "abs/1704.04861",
 journal = "{CoRR}",
 file = "http://arxiv.org/abs/1704.04861"
}


@article{Johnston.2018,
 author = "Johnston, Benjamin and Chazal, Philip de",
 year = "2018",
 title = "{A review of image-based automatic facial landmark identification techniques}",
 pages = "86",
 pagination = "page",
 volume = "2018",
 journal = "{EURASIP J. Image and Video Processing}"
}


@inproceedings{Karras.2019,
 author = "Karras, Tero and Laine, Samuli and Aila, Timo",
 title = "{A Style-Based Generator Architecture for Generative Adversarial Networks}",
 pages = "4401--4410",
 bookpagination = "page",
 publisher = "{Computer Vision Foundation / IEEE}",
 booktitle = "{IEEE Conference on Computer Vision and Pattern Recognition, CVPR  2019, Long Beach, CA, USA, June 16-20, 2019}",
 year = "2019",
 file = "http://openaccess.thecvf.com/content/_CVPR/_2019/html/Karras/_A/_Style-Based/_Generator/_Architecture/_for/_Generative/_Adversarial/_Networks/_CVPR/_2019/_paper.html"
}


@article{Mirsky.2020,
 author = "Mirsky, Yisroel and Lee, Wenke",
 year = "2020",
 title = "{The Creation and Detection of Deepfakes: A Survey}",
 volume = "abs/2004.11138",
 journal = "{CoRR}",
 file = "https://arxiv.org/abs/2004.11138"
}


@inproceedings{Nirkin.2019,
 author = "Nirkin, Yuval and Keller, Yosi and Hassner, Tal",
 title = "{FSGAN: Subject Agnostic Face Swapping and Reenactment}",
 pages = "7183--7192",
 bookpagination = "page",
 publisher = "IEEE",
 booktitle = "{2019 IEEE/CVF International Conference on Computer Vision, ICCV  2019, Seoul, Korea (South), October 27 - November 2, 2019}",
 year = "2019",
 doi = "10.1109/ICCV.2019.00728"
}


@article{Oberoi.352018,
 abstract = "Deepfakes created a stir back when it was released. I take a look at what it’s capabilities and limitations are, and what else we can do with this technology.",
 author = "Oberoi, Gaurav",
 year = "2018-05-03",
 title = "{Exploring DeepFakes - Gaurav Oberoi}",
 url = "https://goberoi.com/exploring-deepfakes-20c9947c22d9",
 urldate = "2020-08-16",
 journal = "{Medium}"
}


@proceedings{Owen.1997,
 year = "1997",
 title = "{Proceedings of the 24th Annual Conference on Computer Graphics and  Interactive Techniques, SIGGRAPH 1997, Los Angeles, CA, USA, August  3-8, 1997}",
 publisher = "ACM",
 editor = "Owen, G. Scott and Whitted, Turner and Mones-Hattal, Barbara"
}


@article{Pham.2018,
 author = "Pham, Hai Xuan and Wang, Yuting and Pavlovic, Vladimir",
 year = "2018",
 title = "{Generative Adversarial Talking Head: Bringing Portraits to Life with  a Weakly Supervised Neural Network}",
 volume = "abs/1803.07716",
 journal = "{CoRR}",
 file = "http://arxiv.org/abs/1803.07716"
}


@inproceedings{Senechal.2015,
 author = "Senechal, Thibaud and McDuff, Daniel J. and Kaliouby, Rana El",
 title = "{Facial Action Unit Detection Using Active Learning and an Efficient  Non-linear Kernel Approximation}",
 pages = "10--18",
 bookpagination = "page",
 publisher = "{IEEE Computer Society}",
 booktitle = "{2015 IEEE International Conference on Computer Vision Workshop,  ICCV Workshops 2015, Santiago, Chile, December 7-13, 2015}",
 year = "2015"
}


@misc{Tarres.2011,
 author = "Tarres, Francesc and Rama, Antonio",
 year = "2011",
 title = "{GTAV face database}"
}


