% This file was created with JabRef 2.10.
% Encoding: UTF-8


@InProceedings{ABC01,
  Title                    = {Formatting Contributions for Proceedings},
  Author                   = {N. Abraham and U. Bibel and P. Corleone},
  Pages                    = {46--53},

  Crossref                 = {Gl01}
}

@InBook{Az09,
  Title                    = {Die Fu{\ss}note in LNI-B{\"a}nden},
  Author                   = {L. Azubi and others},
  Pages                    = {135--162},

  Crossref                 = {Gl09}
}

@Book{AB00,
  Title                    = {Formatierungsrichtlinien f{\"u}r Tagungsb{\"a}nde},
  Author                   = {K. Abel and U. Bibel},
  Publisher                = {Format-Verlag},
  Year                     = {2000},

  Address                  = {Bonn}
}

@Book{Ez10,
  Title                    = {The Magic Format - Your Way to Pretty Books},
  Author                   = {O. Ezgarani},
  Publisher                = {Noah \& Sons},
  Year                     = {2010}
}

@Online{GI14,
  Title                    = {Die Informatik im Wandel},
  Author                   = {{GI, Gesellschaft f{\"u}r Informatik e.V.}},
  HowPublished             = {{\url{http;//www.gi-ev.at}}},
  Note                     = {Stand: 24.12.2014},
  Year                     = {2014}
}

@Article{Gl06,
  Title                    = {Formatierung leicht gemacht},
  Author                   = {H.I. Gl{\"u}ck},
  Journal                  = {Formatierungsjournal 11/09},
  Year                     = {2009},
  Pages                    = {23--27}
}

@Book{Wa14,
  Title                    = {Essenzen der Informatik},
  Author                   = {K. Wasser and H. Feuer and R. Erde and H. Licht},
  Publisher                = {Verlag Formvoll},
  Year                     = {2014}
}

@Book{Wa14b,
  Title                    = {Ganz neue Essenzen der Informatik im selben Jahr},
  Author                   = {K. Wasser and H. Feuer and R. Erde and H. Licht},
  Publisher                = {Format-Verlag},
  Year                     = {2014}
}

@Online{HTML16,
  Title                    = {HTML 5.1 Recommendation},
  Author                   = {{Web Hypertext Application Technology Working Group}},
  HowPublished             = {{\url{https://www.w3.org/TR/html51/}}},
  Note                     = {Stand 8.11.2016},

  Editor                   = {W3C},
  Year                     = {2016},

  Owner                    = {zimmer},
  Timestamp                = {2016.11.09}
}

@Book{Gl09,
  Title                    = {Formatierung 2009},
  Editor                   = {H.I. Gl{\"u}ck},
  Publisher                = {Format-Verlag},
  Year                     = {2009},

  Address                  = {Bonn},
  Number                   = {999},
  Series                   = {{LNI}},

  Booktitle                = {Formatierung 2009}
}

@Proceedings{Gl01,
  Title                    = {Proc. 7th Int. Conf. on Formatting of Workshop-Proceedings, New York 1999},
  Year                     = {2001},

  Address                  = {San Francisco},
  Editor                   = {H.I. Gl{\"u}ck},
  Publisher                = {Noah \& Sons},

  Booktitle                = {Proc. 7th Int. Conf. on Formatting of Workshop-Proceedings, New York 1999}
}

@Misc{XX14,
  Title                    = {Anteil an Frauen in der Informatik},
  HowPublished             = {Statistics Worldwide},
  Year                     = {2014}
}

@comment{jabref-entrytype: Online: req[;author;howpublished;note;title] opt[editor;year]}

