
@book{mirsky_creation_2020,
	title = {The Creation and Detection of Deepfakes: A Survey},
	author = {Mirsky, Yisroel and Lee, Wenke},
	date = {2020},
	file = {Mirsky and Lee - 2020 - The Creation and Detection of Deepfakes A Survey.pdf:/home/finn/Zotero/storage/MGNSZGDJ/Mirsky and Lee - 2020 - The Creation and Detection of Deepfakes A Survey.pdf:application/pdf}
}

@inproceedings{sohrawardi_poster_2019,
	location = {New York, {NY}, {USA}},
	title = {Poster: Towards Robust Open-World Detection of Deepfakes},
	isbn = {978-1-4503-6747-9},
	url = {https://doi.org/10.1145/3319535.3363269},
	doi = {10.1145/3319535.3363269},
	series = {{CCS} ’19},
	pages = {2613--2615},
	booktitle = {Proceedings of the 2019 {ACM} {SIGSAC} Conference on Computer and Communications Security},
	publisher = {Association for Computing Machinery},
	author = {Sohrawardi, Saniat Javid and Chintha, Akash and Thai, Bao and Seng, Sovantharith and Hickerson, Andrea and Ptucha, Raymond and Wright, Matthew},
	date = {2019},
	note = {event-place: London, United Kingdom},
	keywords = {deep learning, deepfake detection, usable security},
	file = {Sohrawardi et al. - 2019 - Poster Towards Robust Open-World Detection of Dee.pdf:/home/finn/Zotero/storage/KQURMJ5J/Sohrawardi et al. - 2019 - Poster Towards Robust Open-World Detection of Dee.pdf:application/pdf}
}

@inproceedings{tariq_detecting_2018,
	location = {New York, {NY}, {USA}},
	title = {Detecting Both Machine and Human Created Fake Face Images In the Wild},
	isbn = {978-1-4503-5988-7},
	url = {https://doi.org/10.1145/3267357.3267367},
	doi = {10.1145/3267357.3267367},
	series = {{MPS} ’18},
	pages = {81--87},
	booktitle = {Proceedings of the 2nd International Workshop on Multimedia Privacy and Security},
	publisher = {Association for Computing Machinery},
	author = {Tariq, Shahroz and Lee, Sangyup and Kim, Hoyoung and Shin, Youjin and Woo, Simon S.},
	date = {2018},
	note = {event-place: Toronto, Canada},
	keywords = {fake image detection, generative adversarial network, image forensics},
	file = {Tariq et al. - 2018 - Detecting Both Machine and Human Created Fake Face.pdf:/home/finn/Zotero/storage/QITUH8DS/Tariq et al. - 2018 - Detecting Both Machine and Human Created Fake Face.pdf:application/pdf}
}

@article{hany_farid_digital_2008,
	title = {Digital Image Forensics},
	pages = {66--71},
	journaltitle = {Scientific American},
	author = {{Hany Farid}},
	date = {2008},
	file = {Hany Farid - 2008 - Digital Image Forensics.pdf:/home/finn/Zotero/storage/49I7YQWP/Hany Farid - 2008 - Digital Image Forensics.pdf:application/pdf}
}

@book{li_celeb-df_2019,
	title = {Celeb-{DF}: A Large-scale Challenging Dataset for {DeepFake} Forensics},
	author = {Li, Yuezun and Yang, Xin and Sun, Pu and Qi, Honggang and Lyu, Siwei},
	date = {2019},
	file = {Li et al. - 2019 - Celeb-DF A Large-scale Challenging Dataset for De.pdf:/home/finn/Zotero/storage/NDAZWE7L/Li et al. - 2019 - Celeb-DF A Large-scale Challenging Dataset for De.pdf:application/pdf}
}

@book{pishori_detecting_2020,
	title = {Detecting Deepfake Videos: An Analysis of Three Techniques},
	author = {Pishori, Armaan and Rollins, Brittany and Houten, Nicolas van and Chatwani, Nisha and Uraimov, Omar},
	date = {2020},
	file = {Pishori et al. - 2020 - Detecting Deepfake Videos An Analysis of Three Te.pdf:/home/finn/Zotero/storage/T84FU6SG/Pishori et al. - 2020 - Detecting Deepfake Videos An Analysis of Three Te.pdf:application/pdf}
}

@book{guarnera_fighting_2020,
	title = {Fighting Deepfake by Exposing the Convolutional Traces on Images},
	author = {Guarnera, Luca and Giudice, Oliver and Battiato, Sebastiano},
	date = {2020},
	file = {Guarnera et al. - 2020 - Fighting Deepfake by Exposing the Convolutional Tr.pdf:/home/finn/Zotero/storage/WC4ATFMF/Guarnera et al. - 2020 - Fighting Deepfake by Exposing the Convolutional Tr.pdf:application/pdf}
}